<record><leader>00000cas a2200000 a 4500</leader><controlfield tag="001">9330791</controlfield><controlfield tag="008">830321d17941795mdudn ne      0    0eng c</controlfield><datafield ind1=" " ind2=" " tag="010"><subfield code="a">sn 84031212 </subfield></datafield><datafield ind1=" " ind2=" " tag="040"><subfield code="a">TKN</subfield><subfield code="b">eng</subfield><subfield code="c">TKN</subfield><subfield code="d">NYG</subfield><subfield code="d">NPU</subfield><subfield code="d">NPX</subfield><subfield code="d">MFN</subfield><subfield code="d">IUL</subfield><subfield code="d">CNK</subfield><subfield code="d">NVK</subfield><subfield code="d">HUL</subfield><subfield code="d">OBN</subfield><subfield code="d">DLC</subfield><subfield code="d">CVF</subfield><subfield code="d">KRTAS</subfield><subfield code="d">OCLCQ</subfield><subfield code="d">OCLCF</subfield><subfield code="d">OCLCO</subfield></datafield><datafield ind1="1" ind2=" " tag="029"><subfield code="a">AU@</subfield><subfield code="b">000020437081</subfield></datafield><datafield ind1=" " ind2=" " tag="042"><subfield code="a">pcc</subfield></datafield><datafield ind1=" " ind2=" " tag="043"><subfield code="a">n-us-md</subfield></datafield><datafield ind1="0" ind2="0" tag="050"><subfield code="a">Newspaper</subfield></datafield><datafield ind1=" " ind2="4" tag="050"><subfield code="a">AN26.B36</subfield><subfield code="b">B35</subfield></datafield><datafield ind1="0" ind2="0" tag="245"><subfield code="a">Federal intelligencer, and Baltimore daily gazette.</subfield></datafield><datafield ind1="3" ind2="0" tag="246"><subfield code="a">Baltimore daily gazette</subfield></datafield><datafield ind1=" " ind2=" " tag="260"><subfield code="a">Baltimore :</subfield><subfield code="b">Yundt and Brown,</subfield><subfield code="c">1794-1795.</subfield></datafield><datafield ind1=" " ind2=" " tag="300"><subfield code="a">v.</subfield></datafield><datafield ind1=" " ind2=" " tag="310"><subfield code="a">Daily (except Sunday)</subfield></datafield><datafield ind1="0" ind2=" " tag="362"><subfield code="a">Vol. 2, no. 312 (Oct. 30, 1794)-v. 3, no. 672 (Dec. 30, 1795).</subfield></datafield><datafield ind1=" " ind2=" " tag="530"><subfield code="a">Also issued on microfilm from Readex Microprint Corp.</subfield></datafield><datafield ind1=" " ind2="0" tag="651"><subfield code="a">Baltimore (Md.)</subfield><subfield code="v">Newspapers.</subfield></datafield><datafield ind1=" " ind2="0" tag="651"><subfield code="a">Baltimore County (Md.)</subfield><subfield code="v">Newspapers.</subfield></datafield><datafield ind1=" " ind2="7" tag="655"><subfield code="a">Newspapers.</subfield><subfield code="2">fast</subfield><subfield code="0">(OCoLC)fst01423814</subfield></datafield><datafield ind1=" " ind2="7" tag="651"><subfield code="a">Maryland</subfield><subfield code="z">Baltimore.</subfield><subfield code="2">fast</subfield><subfield code="0">(OCoLC)fst01204292</subfield></datafield><datafield ind1=" " ind2="7" tag="651"><subfield code="a">Maryland</subfield><subfield code="z">Baltimore County.</subfield><subfield code="2">fast</subfield><subfield code="0">(OCoLC)fst01204502</subfield></datafield><datafield ind1=" " ind2=" " tag="752"><subfield code="a">United States</subfield><subfield code="b">Maryland</subfield><subfield code="c">Baltimore</subfield><subfield code="d">Baltimore.</subfield></datafield><datafield ind1="0" ind2="0" tag="780"><subfield code="t">Baltimore daily intelligencer</subfield><subfield code="w">(DLC)sn 83016385</subfield><subfield code="w">(OCoLC)9792692</subfield></datafield><datafield ind1="0" ind2="0" tag="785"><subfield code="t">Federal gazette &amp; Baltimore daily advertiser (Baltimore, Md. : Daily)</subfield><subfield code="w">(DLC)sn 83009575</subfield><subfield code="w">(OCoLC)2261038</subfield></datafield><datafield ind1=" " ind2=" " tag="938"><subfield code="a">Kirtas Technologies, Inc.</subfield><subfield code="b">KRTS</subfield><subfield code="n">736300</subfield></datafield></record>